@article{current_src_dim,
	 title={http://inf-server.inf.uth.gr/courses/CE433/tutorials/MOSFET\%20Current\%20Mirror.pdf}
	}
